%YAML 1.1
%TAG !u! tag:unity3d.com,2011:
--- !u!1 &170900
GameObject:
  m_ObjectHideFlags: 0
  m_PrefabParentObject: {fileID: 0}
  m_PrefabInternal: {fileID: 100100000}
  serializedVersion: 4
  m_Component:
  - 4: {fileID: 446744}
  - 33: {fileID: 3366540}
  - 23: {fileID: 2373700}
  - 65: {fileID: 6501872}
  m_Layer: 0
  m_Name: DrzewoLatarniaKraweznik
  m_TagString: Przeszkoda
  m_Icon: {fileID: 0}
  m_NavMeshLayer: 0
  m_StaticEditorFlags: 0
  m_IsActive: 1
--- !u!4 &446744
Transform:
  m_ObjectHideFlags: 1
  m_PrefabParentObject: {fileID: 0}
  m_PrefabInternal: {fileID: 100100000}
  m_GameObject: {fileID: 170900}
  m_LocalRotation: {x: -.707106829, y: 0, z: -0, w: .707106829}
  m_LocalPosition: {x: 0, y: 0, z: 0}
  m_LocalScale: {x: .999999821, y: .999999821, z: .999999821}
  m_Children: []
  m_Father: {fileID: 0}
  m_RootOrder: 0
--- !u!23 &2373700
MeshRenderer:
  m_ObjectHideFlags: 1
  m_PrefabParentObject: {fileID: 0}
  m_PrefabInternal: {fileID: 100100000}
  m_GameObject: {fileID: 170900}
  m_Enabled: 1
  m_CastShadows: 1
  m_ReceiveShadows: 1
  m_Materials:
  - {fileID: 2100000, guid: 7053edad244a5594caa2c354e70d07c8, type: 2}
  - {fileID: 2100000, guid: 37295e4d31c080548bbe69bf37567f57, type: 2}
  - {fileID: 2100000, guid: a2580529485314f4c838a206c82feee3, type: 2}
  - {fileID: 2100000, guid: 782f36378ed7ed34cba29b829141e090, type: 2}
  - {fileID: 2100000, guid: 75c0ae2fc3a974b4c87e5a2139a9369b, type: 2}
  - {fileID: 2100000, guid: 572b5d14227097349a6737e4251a6801, type: 2}
  - {fileID: 2100000, guid: 8d00947c707cf1a4f8388030a82d1684, type: 2}
  - {fileID: 2100000, guid: 2327cfa486537284aab24ac4978c8d8e, type: 2}
  m_SubsetIndices: 
  m_StaticBatchRoot: {fileID: 0}
  m_UseLightProbes: 1
  m_ReflectionProbeUsage: 1
  m_ProbeAnchor: {fileID: 0}
  m_ScaleInLightmap: 1
  m_PreserveUVs: 0
  m_ImportantGI: 0
  m_AutoUVMaxDistance: .5
  m_AutoUVMaxAngle: 89
  m_LightmapParameters: {fileID: 0}
  m_SortingLayerID: 0
  m_SortingOrder: 0
--- !u!33 &3366540
MeshFilter:
  m_ObjectHideFlags: 1
  m_PrefabParentObject: {fileID: 0}
  m_PrefabInternal: {fileID: 100100000}
  m_GameObject: {fileID: 170900}
  m_Mesh: {fileID: 4300000, guid: fbd5dba5677e2f8428577c2d27ede363, type: 3}
--- !u!65 &6501872
BoxCollider:
  m_ObjectHideFlags: 1
  m_PrefabParentObject: {fileID: 0}
  m_PrefabInternal: {fileID: 100100000}
  m_GameObject: {fileID: 170900}
  m_Material: {fileID: 0}
  m_IsTrigger: 0
  m_Enabled: 1
  serializedVersion: 2
  m_Size: {x: .00999999978, y: .0100000026, z: .0173048526}
  m_Center: {x: -.00499999989, y: -.00500000129, z: .00865242444}
--- !u!1001 &100100000
Prefab:
  m_ObjectHideFlags: 1
  serializedVersion: 2
  m_Modification:
    m_TransformParent: {fileID: 0}
    m_Modifications:
    - target: {fileID: 0}
      propertyPath: m_LocalPosition.x
      value: 0
      objectReference: {fileID: 0}
    - target: {fileID: 0}
      propertyPath: m_LocalPosition.y
      value: 0
      objectReference: {fileID: 0}
    - target: {fileID: 0}
      propertyPath: m_LocalPosition.z
      value: 0
      objectReference: {fileID: 0}
    - target: {fileID: 0}
      propertyPath: m_TagString
      value: Przeszkoda
      objectReference: {fileID: 0}
    m_RemovedComponents: []
  m_ParentPrefab: {fileID: 0}
  m_RootGameObject: {fileID: 170900}
  m_IsPrefabParent: 1
