%YAML 1.1
%TAG !u! tag:unity3d.com,2011:
--- !u!1 &127236
GameObject:
  m_ObjectHideFlags: 0
  m_PrefabParentObject: {fileID: 0}
  m_PrefabInternal: {fileID: 100100000}
  serializedVersion: 4
  m_Component:
  - 4: {fileID: 486682}
  - 33: {fileID: 3308764}
  - 23: {fileID: 2377850}
  - 95: {fileID: 9566096}
  - 54: {fileID: 5434142}
  - 65: {fileID: 6590450}
  - 114: {fileID: 11407642}
  - 114: {fileID: 11400176}
  - 114: {fileID: 11423860}
  m_Layer: 0
  m_Name: laweta_new_new
  m_TagString: Untagged
  m_Icon: {fileID: 0}
  m_NavMeshLayer: 0
  m_StaticEditorFlags: 0
  m_IsActive: 1
--- !u!1 &157216
GameObject:
  m_ObjectHideFlags: 0
  m_PrefabParentObject: {fileID: 0}
  m_PrefabInternal: {fileID: 100100000}
  serializedVersion: 4
  m_Component:
  - 4: {fileID: 463096}
  m_Layer: 0
  m_Name: Rotation
  m_TagString: Snake
  m_Icon: {fileID: 0}
  m_NavMeshLayer: 0
  m_StaticEditorFlags: 0
  m_IsActive: 1
--- !u!4 &463096
Transform:
  m_ObjectHideFlags: 1
  m_PrefabParentObject: {fileID: 0}
  m_PrefabInternal: {fileID: 100100000}
  m_GameObject: {fileID: 157216}
  m_LocalRotation: {x: 0, y: 0, z: 0, w: 1}
  m_LocalPosition: {x: -19.1450005, y: 123.237, z: 78.7870026}
  m_LocalScale: {x: .189999998, y: .189999998, z: .189999998}
  m_Children:
  - {fileID: 486682}
  m_Father: {fileID: 0}
  m_RootOrder: 0
--- !u!4 &486682
Transform:
  m_ObjectHideFlags: 1
  m_PrefabParentObject: {fileID: 0}
  m_PrefabInternal: {fileID: 100100000}
  m_GameObject: {fileID: 127236}
  m_LocalRotation: {x: -.500000119, y: -.5, z: .5, w: .49999994}
  m_LocalPosition: {x: -0, y: 0, z: -2.28881831e-07}
  m_LocalScale: {x: 1, y: 1, z: 1}
  m_Children: []
  m_Father: {fileID: 463096}
  m_RootOrder: 0
--- !u!23 &2377850
MeshRenderer:
  m_ObjectHideFlags: 1
  m_PrefabParentObject: {fileID: 0}
  m_PrefabInternal: {fileID: 100100000}
  m_GameObject: {fileID: 127236}
  m_Enabled: 1
  m_CastShadows: 1
  m_ReceiveShadows: 1
  m_Materials:
  - {fileID: 2100000, guid: 4302032a146db7f4a8be119d1a57063a, type: 2}
  - {fileID: 2100000, guid: a38e6bbd22c60d44e8061f215589cdd9, type: 2}
  - {fileID: 2100000, guid: dd990813bf82cde4281935a294b0faae, type: 2}
  - {fileID: 2100000, guid: 54d14e43566969541b30490be60449d8, type: 2}
  - {fileID: 2100000, guid: 0d8fe58db422038489c44aa8631a3c4c, type: 2}
  - {fileID: 2100000, guid: dd8af12e86213db48930cfd149b27709, type: 2}
  - {fileID: 2100000, guid: 3a3bf7401cf6aa94fad13d0bdb039f8d, type: 2}
  - {fileID: 2100000, guid: be2b802f69e86ec478829e5373e3b06f, type: 2}
  - {fileID: 2100000, guid: c78abe3f78aa35d42a2116fb2c969575, type: 2}
  - {fileID: 2100000, guid: 8b969a6bcf04e3c4ca33b4d2178c8462, type: 2}
  m_SubsetIndices: 
  m_StaticBatchRoot: {fileID: 0}
  m_UseLightProbes: 1
  m_ReflectionProbeUsage: 1
  m_ProbeAnchor: {fileID: 0}
  m_ScaleInLightmap: 1
  m_PreserveUVs: 0
  m_ImportantGI: 0
  m_AutoUVMaxDistance: .5
  m_AutoUVMaxAngle: 89
  m_LightmapParameters: {fileID: 0}
  m_SortingLayerID: 0
  m_SortingOrder: 0
--- !u!33 &3308764
MeshFilter:
  m_ObjectHideFlags: 1
  m_PrefabParentObject: {fileID: 0}
  m_PrefabInternal: {fileID: 100100000}
  m_GameObject: {fileID: 127236}
  m_Mesh: {fileID: 4300000, guid: 3c7090656813a6d43a18592cedff5ee8, type: 3}
--- !u!54 &5434142
Rigidbody:
  m_ObjectHideFlags: 1
  m_PrefabParentObject: {fileID: 0}
  m_PrefabInternal: {fileID: 100100000}
  m_GameObject: {fileID: 127236}
  serializedVersion: 2
  m_Mass: 1
  m_Drag: 0
  m_AngularDrag: .0500000007
  m_UseGravity: 0
  m_IsKinematic: 0
  m_Interpolate: 0
  m_Constraints: 126
  m_CollisionDetection: 0
--- !u!65 &6590450
BoxCollider:
  m_ObjectHideFlags: 1
  m_PrefabParentObject: {fileID: 0}
  m_PrefabInternal: {fileID: 100100000}
  m_GameObject: {fileID: 127236}
  m_Material: {fileID: 0}
  m_IsTrigger: 0
  m_Enabled: 1
  serializedVersion: 2
  m_Size: {x: 2.27040052, y: 2.52120113, z: 3.69186354}
  m_Center: {x: 1.13520002, y: -6.76631942e-08, z: 6.76632439e-08}
--- !u!95 &9566096
Animator:
  serializedVersion: 3
  m_ObjectHideFlags: 1
  m_PrefabParentObject: {fileID: 0}
  m_PrefabInternal: {fileID: 100100000}
  m_GameObject: {fileID: 127236}
  m_Enabled: 1
  m_Avatar: {fileID: 9000000, guid: 3c7090656813a6d43a18592cedff5ee8, type: 3}
  m_Controller: {fileID: 0}
  m_CullingMode: 0
  m_UpdateMode: 0
  m_ApplyRootMotion: 0
  m_LinearVelocityBlending: 0
  m_WarningMessage: 
  m_HasTransformHierarchy: 1
  m_AllowConstantClipSamplingOptimization: 1
--- !u!114 &11400176
MonoBehaviour:
  m_ObjectHideFlags: 1
  m_PrefabParentObject: {fileID: 0}
  m_PrefabInternal: {fileID: 100100000}
  m_GameObject: {fileID: 127236}
  m_Enabled: 1
  m_EditorHideFlags: 0
  m_Script: {fileID: 11500000, guid: 1529452d4fe826e4bbc830c66b8b07c8, type: 3}
  m_Name: 
  m_EditorClassIdentifier: 
--- !u!114 &11407642
MonoBehaviour:
  m_ObjectHideFlags: 1
  m_PrefabParentObject: {fileID: 0}
  m_PrefabInternal: {fileID: 100100000}
  m_GameObject: {fileID: 127236}
  m_Enabled: 1
  m_EditorHideFlags: 0
  m_Script: {fileID: 11500000, guid: 2803746e3f2e34f4ea592ccbd1897a99, type: 3}
  m_Name: 
  m_EditorClassIdentifier: 
  snakeSegment: {fileID: 144180, guid: 70798056b80d4124782d54702b2248c8, type: 2}
  gameState: {fileID: 0}
  cloudPrefab: {fileID: 193638, guid: 4b0ff1f680975574dbda16e8a8664a2e, type: 2}
  colorMachine: {fileID: 109598, guid: 380b6b09e59bda745b547ae0108cc6f8, type: 2}
  upgradeMachine: {fileID: 0}
  endScreen: {fileID: 0}
--- !u!114 &11423860
MonoBehaviour:
  m_ObjectHideFlags: 1
  m_PrefabParentObject: {fileID: 0}
  m_PrefabInternal: {fileID: 100100000}
  m_GameObject: {fileID: 127236}
  m_Enabled: 1
  m_EditorHideFlags: 0
  m_Script: {fileID: 11500000, guid: fd73880928ed9af408b9a6f2c65d4c48, type: 3}
  m_Name: 
  m_EditorClassIdentifier: 
--- !u!1001 &100100000
Prefab:
  m_ObjectHideFlags: 1
  serializedVersion: 2
  m_Modification:
    m_TransformParent: {fileID: 0}
    m_Modifications:
    - target: {fileID: 0}
      propertyPath: m_LocalScale.x
      value: .189999998
      objectReference: {fileID: 0}
    - target: {fileID: 0}
      propertyPath: m_LocalScale.y
      value: .189999998
      objectReference: {fileID: 0}
    - target: {fileID: 0}
      propertyPath: m_LocalScale.z
      value: .189999998
      objectReference: {fileID: 0}
    - target: {fileID: 0}
      propertyPath: m_LocalPosition.x
      value: 0
      objectReference: {fileID: 0}
    - target: {fileID: 0}
      propertyPath: m_LocalPosition.y
      value: -.173600003
      objectReference: {fileID: 0}
    - target: {fileID: 0}
      propertyPath: m_LocalPosition.z
      value: 0
      objectReference: {fileID: 0}
    m_RemovedComponents: []
  m_ParentPrefab: {fileID: 0}
  m_RootGameObject: {fileID: 157216}
  m_IsPrefabParent: 1
